@article{hilfinger1988ada,
  title={An Ada package for dimensional analysis},
  author={Hilfinger, Paul N},
  journal={ACM Transactions on Programming Languages and Systems (TOPLAS)},
  volume={10},
  number={2},
  pages={189--203},
  year={1988},
  publisher={ACM}
}
