@article{hilfinger1988ada,
  title={An Ada package for dimensional analysis},
  author={Hilfinger, Paul N},
  journal={ACM Transactions on Programming Languages and Systems (TOPLAS)},
  volume={10},
  number={2},
  pages={189--203},
  year={1988},
  publisher={ACM}
}

@article{karr1978,
  title={Incorporation of Units into Programming Languages},
  author={Karr, Michael and Loveman, David B. III},
  journal={Communications of the ACM},
  volume={21},
  number={5},
  pages={385--391},
  year={1978},
  publisher={ACM}
}

@article{bourdoncle1993,
  title={Abstract debugging of higher-order imperative languages},
  author={Fran\c{c}ois Bourdoncle},
  journal={Proceedings of the ACM SIGPLAN 1993 conference on programming language design and implementation},
  volume={28},
  issue={6},
  pages={46--55},
  year={1993},
  publisher={ACM}
}

@techreport{choi1989,
  title={Parallel program debugging with flowback analysis},
  place={United States},
  institution={Madison, WI (US); Univ. of Wisconsin},
  author={Choi, Jongdeok},
  year={1989}
}

@incollection{hall1991algorithmic,
  title={An algorithmic and semantic approach to debugging},
  author={Hall, Cordelia and Hammond, Kevin and Oâ€™Donnell, John},
  booktitle={Functional Programming, Glasgow 1990},
  pages={44--53},
  year={1991},
  publisher={Springer}
}
